<?xml version="1.0" encoding="UTF-8"?><collection xmlns="http://www.loc.gov/MARC21/slim"><record><leader>00549nam--2200181-i-4500</leader><controlfield tag="001">000023603</controlfield><controlfield tag="002">20161230</controlfield><controlfield tag="005">20161230201035</controlfield><controlfield tag="008">060222s1000------------r-----000-0-eng-d</controlfield><datafield ind1=" " ind2=" " tag="040"><subfield code="a">IFIN-HH</subfield></datafield><datafield ind1=" " ind2=" " tag="080"><subfield code="a">539.2(061.3)</subfield></datafield><datafield ind1="1" ind2=" " tag="110"><subfield code="a">Hahn-meitner-institut Fur Kernforschung Berlin</subfield></datafield><datafield ind1="1" ind2="0" tag="245"><subfield code="a">Second europhysical topical conference on lattice defects in ionic crystals, august 30-september 3, 1976</subfield></datafield><datafield ind1=" " ind2=" " tag="260"><subfield code="a">Berlin (West)</subfield><subfield code="b">F.W.Felix</subfield><subfield code="c">1976</subfield></datafield><datafield ind1=" " ind2=" " tag="300"><subfield code="a">193P</subfield></datafield><datafield ind1=" " ind2=" " tag="490"><subfield code="a">Proceedings</subfield></datafield><datafield ind1=" " ind2=" " tag="852"><subfield code="a">43618</subfield><subfield code="c">539.2</subfield></datafield><datafield ind1=" " ind2=" " tag="CAT"><subfield code="a">Sys</subfield><subfield code="c">20121025</subfield><subfield code="h">131948</subfield></datafield></record></collection>